%YAML 1.1
%TAG !u! tag:unity3d.com,2011:
--- !u!1 &8763897306081450156
GameObject:
  m_ObjectHideFlags: 0
  m_CorrespondingSourceObject: {fileID: 0}
  m_PrefabInstance: {fileID: 0}
  m_PrefabAsset: {fileID: 0}
  serializedVersion: 6
  m_Component:
  - component: {fileID: 8763897306081450157}
  m_Layer: 0
  m_Name: Geometry
  m_TagString: Untagged
  m_Icon: {fileID: 0}
  m_NavMeshLayer: 0
  m_StaticEditorFlags: 0
  m_IsActive: 1
--- !u!4 &8763897306081450157
Transform:
  m_ObjectHideFlags: 0
  m_CorrespondingSourceObject: {fileID: 0}
  m_PrefabInstance: {fileID: 0}
  m_PrefabAsset: {fileID: 0}
  m_GameObject: {fileID: 8763897306081450156}
  m_LocalRotation: {x: 0, y: 0, z: 0, w: 1}
  m_LocalPosition: {x: 0, y: 0, z: 0}
  m_LocalScale: {x: 1, y: 1, z: 1}
  m_Children:
  - {fileID: 8763897305308363038}
  m_Father: {fileID: 8763897307130637409}
  m_RootOrder: 0
  m_LocalEulerAnglesHint: {x: 0, y: 0, z: 0}
--- !u!1 &8763897307130637408
GameObject:
  m_ObjectHideFlags: 0
  m_CorrespondingSourceObject: {fileID: 0}
  m_PrefabInstance: {fileID: 0}
  m_PrefabAsset: {fileID: 0}
  serializedVersion: 6
  m_Component:
  - component: {fileID: 8763897307130637409}
  - component: {fileID: 8763897307130637410}
  - component: {fileID: 1190500570418657784}
  m_Layer: 9
  m_Name: Cubelet
  m_TagString: Untagged
  m_Icon: {fileID: 0}
  m_NavMeshLayer: 0
  m_StaticEditorFlags: 0
  m_IsActive: 1
--- !u!4 &8763897307130637409
Transform:
  m_ObjectHideFlags: 0
  m_CorrespondingSourceObject: {fileID: 0}
  m_PrefabInstance: {fileID: 0}
  m_PrefabAsset: {fileID: 0}
  m_GameObject: {fileID: 8763897307130637408}
  m_LocalRotation: {x: 0, y: 0, z: 0, w: 1}
  m_LocalPosition: {x: 0, y: 0, z: 0}
  m_LocalScale: {x: 1, y: 1, z: 1}
  m_Children:
  - {fileID: 8763897306081450157}
  m_Father: {fileID: 0}
  m_RootOrder: 0
  m_LocalEulerAnglesHint: {x: 0, y: 0, z: 0}
--- !u!65 &8763897307130637410
BoxCollider:
  m_ObjectHideFlags: 0
  m_CorrespondingSourceObject: {fileID: 0}
  m_PrefabInstance: {fileID: 0}
  m_PrefabAsset: {fileID: 0}
  m_GameObject: {fileID: 8763897307130637408}
  m_Material: {fileID: 0}
  m_IsTrigger: 0
  m_Enabled: 1
  serializedVersion: 2
  m_Size: {x: 2, y: 2, z: 2}
  m_Center: {x: 0, y: 0, z: 0}
--- !u!114 &1190500570418657784
MonoBehaviour:
  m_ObjectHideFlags: 0
  m_CorrespondingSourceObject: {fileID: 0}
  m_PrefabInstance: {fileID: 0}
  m_PrefabAsset: {fileID: 0}
  m_GameObject: {fileID: 8763897307130637408}
  m_Enabled: 1
  m_EditorHideFlags: 0
  m_Script: {fileID: 11500000, guid: b1e84ab46b7efe547b7eda8ec408f76b, type: 3}
  m_Name: 
  m_EditorClassIdentifier: 
  Cubelet:
    x: 0
    y: 0
    z: 0
  MeshRenderer: {fileID: 8763897305306594302}
--- !u!1001 &8763897305308750750
PrefabInstance:
  m_ObjectHideFlags: 0
  serializedVersion: 2
  m_Modification:
    m_TransformParent: {fileID: 8763897306081450157}
    m_Modifications:
    - target: {fileID: 100000, guid: e403784c9acda6948a9d45a0db9bb74e, type: 3}
      propertyPath: m_Name
      value: Cubelet
      objectReference: {fileID: 0}
    - target: {fileID: 400000, guid: e403784c9acda6948a9d45a0db9bb74e, type: 3}
      propertyPath: m_LocalPosition.x
      value: -0
      objectReference: {fileID: 0}
    - target: {fileID: 400000, guid: e403784c9acda6948a9d45a0db9bb74e, type: 3}
      propertyPath: m_LocalPosition.y
      value: 0
      objectReference: {fileID: 0}
    - target: {fileID: 400000, guid: e403784c9acda6948a9d45a0db9bb74e, type: 3}
      propertyPath: m_LocalPosition.z
      value: 0
      objectReference: {fileID: 0}
    - target: {fileID: 400000, guid: e403784c9acda6948a9d45a0db9bb74e, type: 3}
      propertyPath: m_LocalRotation.x
      value: -0.7071068
      objectReference: {fileID: 0}
    - target: {fileID: 400000, guid: e403784c9acda6948a9d45a0db9bb74e, type: 3}
      propertyPath: m_LocalRotation.y
      value: 0
      objectReference: {fileID: 0}
    - target: {fileID: 400000, guid: e403784c9acda6948a9d45a0db9bb74e, type: 3}
      propertyPath: m_LocalRotation.z
      value: -0
      objectReference: {fileID: 0}
    - target: {fileID: 400000, guid: e403784c9acda6948a9d45a0db9bb74e, type: 3}
      propertyPath: m_LocalRotation.w
      value: 0.7071068
      objectReference: {fileID: 0}
    - target: {fileID: 400000, guid: e403784c9acda6948a9d45a0db9bb74e, type: 3}
      propertyPath: m_RootOrder
      value: 0
      objectReference: {fileID: 0}
    - target: {fileID: 400000, guid: e403784c9acda6948a9d45a0db9bb74e, type: 3}
      propertyPath: m_LocalEulerAnglesHint.x
      value: 0
      objectReference: {fileID: 0}
    - target: {fileID: 400000, guid: e403784c9acda6948a9d45a0db9bb74e, type: 3}
      propertyPath: m_LocalEulerAnglesHint.y
      value: 0
      objectReference: {fileID: 0}
    - target: {fileID: 400000, guid: e403784c9acda6948a9d45a0db9bb74e, type: 3}
      propertyPath: m_LocalEulerAnglesHint.z
      value: 0
      objectReference: {fileID: 0}
    - target: {fileID: 2300000, guid: e403784c9acda6948a9d45a0db9bb74e, type: 3}
      propertyPath: m_Materials.Array.data[0]
      value: 
      objectReference: {fileID: 2100000, guid: 17962304f1ffbc24dbb30d8ada504d5e, type: 2}
    m_RemovedComponents: []
  m_SourcePrefab: {fileID: 100100000, guid: e403784c9acda6948a9d45a0db9bb74e, type: 3}
--- !u!4 &8763897305308363038 stripped
Transform:
  m_CorrespondingSourceObject: {fileID: 400000, guid: e403784c9acda6948a9d45a0db9bb74e,
    type: 3}
  m_PrefabInstance: {fileID: 8763897305308750750}
  m_PrefabAsset: {fileID: 0}
--- !u!23 &8763897305306594302 stripped
MeshRenderer:
  m_CorrespondingSourceObject: {fileID: 2300000, guid: e403784c9acda6948a9d45a0db9bb74e,
    type: 3}
  m_PrefabInstance: {fileID: 8763897305308750750}
  m_PrefabAsset: {fileID: 0}
